<record><leader>00000cas a22000007a 4500</leader><controlfield tag="001">39325219</controlfield><controlfield tag="008">980620d19561959akuwr ne      0    0eng d</controlfield><datafield ind1=" " ind2=" " tag="010"><subfield code="a">sn 98059768 </subfield></datafield><datafield ind1=" " ind2=" " tag="040"><subfield code="a">ANE</subfield><subfield code="b">eng</subfield><subfield code="c">ANE</subfield><subfield code="d">OCLCQ</subfield><subfield code="d">OCLCF</subfield><subfield code="d">OCLCO</subfield></datafield><datafield ind1="1" ind2=" " tag="029"><subfield code="a">AU@</subfield><subfield code="b">000014018042</subfield></datafield><datafield ind1=" " ind2=" " tag="042"><subfield code="a">msc</subfield></datafield><datafield ind1=" " ind2=" " tag="043"><subfield code="a">n-us-ak</subfield></datafield><datafield ind1=" " ind2="4" tag="050"><subfield code="a">HD9685.U63</subfield><subfield code="b">A42</subfield></datafield><datafield ind1="0" ind2="0" tag="245"><subfield code="a">Top-o-spheric chatter.</subfield></datafield><datafield ind1=" " ind2=" " tag="260"><subfield code="a">Anchorage, Alaska :</subfield><subfield code="b">Federal Electric Corp.</subfield></datafield><datafield ind1=" " ind2=" " tag="300"><subfield code="a">v.</subfield></datafield><datafield ind1=" " ind2=" " tag="310"><subfield code="a">Weekly</subfield></datafield><datafield ind1="1" ind2=" " tag="362"><subfield code="a">Began in 1956? Ceased in 1959?</subfield></datafield><datafield ind1=" " ind2=" " tag="500"><subfield code="a">"Official newspaper, White Alice Maintenance &amp; Operations Contractor, International Telephone and Telegraph Corp."</subfield></datafield><datafield ind1=" " ind2=" " tag="588"><subfield code="a">Description based on: Vol. 2, no. 9 (Nov. 22, 1957).</subfield></datafield><datafield ind1=" " ind2="0" tag="651"><subfield code="a">Anchorage (Alaska)</subfield><subfield code="v">Newspapers.</subfield></datafield><datafield ind1=" " ind2="7" tag="655"><subfield code="a">Newspapers.</subfield><subfield code="2">fast</subfield><subfield code="0">(OCoLC)fst01423814</subfield></datafield><datafield ind1=" " ind2="7" tag="651"><subfield code="a">Alaska</subfield><subfield code="z">Anchorage.</subfield><subfield code="2">fast</subfield><subfield code="0">(OCoLC)fst01212412</subfield></datafield><datafield ind1=" " ind2=" " tag="752"><subfield code="a">United States</subfield><subfield code="b">Alaska</subfield><subfield code="d">Anchorage.</subfield></datafield></record>